@ARTICLE{hosur,
   author = {{Hosur}, P. and {Qi}, X.},
    title = "{Recent developments in transport phenomena in Weyl semimetals}",
  journal = {ArXiv e-prints},
archivePrefix = "arXiv",
   eprint = {1309.4464},
 primaryClass = "cond-mat.str-el",
     year = 2013,
    month = sep,
   adsurl = {http://adsabs.harvard.edu/abs/2013arXiv1309.4464H},
  adsnote = {Provided by the SAO/NASA Astrophysics Data System}
}

@ARTICLE{wang,
   author = {{Wang}, W.~D. and {Li}, A. and {Dong}, T. and {Lei}, M. and 
	{Fu}, X.~L. and {Miao}, S.~S. and {Zheng}, P. and {Wang}, P. and 
	{Shi}, Y.~G. and {Luo}, J.~L. and {Wang}, N.~L.},
    title = "{Anomalous Behavior of Low Temperature Specific Heat in HgCr$_{2}$Se$_{4}$}",
  journal = {Journal of Low Temperature Physics},
 keywords = {Low temperature specific heat, Anomalous behavior, Schottky anomal},
     year = 2013,
    month = apr,
   volume = 171,
    pages = {127-134},
      doi = {10.1007/s10909-012-0830-1},
   adsurl = {http://adsabs.harvard.edu/abs/2013JLTP..171..127W},
  adsnote = {Provided by the SAO/NASA Astrophysics Data System}
}


@ARTICLE{hosur,
   author = {{Hosur}, P. and {Qi}, X.},
    title = "{Recent developments in transport phenomena in Weyl semimetals}",
  journal = {ArXiv e-prints},
archivePrefix = "arXiv",
   eprint = {1309.4464},
 primaryClass = "cond-mat.str-el",
     year = 2013,
    month = sep,
   adsurl = {http://adsabs.harvard.edu/abs/2013arXiv1309.4464H},
  adsnote = {Provided by the SAO/NASA Astrophysics Data System}
}

@ARTICLE{veselago,
   author = {V. G. Veselago, K. M. Golant, I. S. Kovaleva, and I. M. Yurin },
    title = "{Energy spectrum and transport properties of HgCr,Se4 single crystals }",
 journal = {Zh. Eksp. Teor. Fiz.},
  issue = {86},
  pages = {1857-1861},
     year = 1984,
    month = May
}


@ARTICLE{lehmann,
   author = {{Lehmann}, H.},
    title = "{Crystal growth, semiconducting and optical properties of ferromagnetic HgCr2Se4}",
  journal = {Solid State Communications},
     year = 1969,
    month = jul,
   volume = 7,
    pages = {965-968},
      doi = {10.1016/0038-1098(69)90063-5},
   adsurl = {http://adsabs.harvard.edu/abs/1969SSCom...7..965L},
  adsnote = {Provided by the SAO/NASA Astrophysics Data System}
}

@article{wan,
  title = {Topological semimetal and Fermi-arc surface states in the electronic structure of pyrochlore iridates},
  author = {Wan, Xiangang and Turner, Ari M. and Vishwanath, Ashvin and Savrasov, Sergey Y.},
  journal = {Phys. Rev. B},
  volume = {83},
  issue = {20},
  pages = {205101},
  numpages = {9},
  year = {2011},
  month = {May},
  doi = {10.1103/PhysRevB.83.205101},
  url = {http://link.aps.org/doi/10.1103/PhysRevB.83.205101},
  publisher = {American Physical Society}
}

@ARTICLE{burkov,
   author = {{Burkov}, A.~A. and {Balents}, L.},
    title = "{Weyl Semimetal in a Topological Insulator Multilayer}",
  journal = {Physical Review Letters},
archivePrefix = "arXiv",
   eprint = {1105.5138},
 primaryClass = "cond-mat.mes-hall",
     year = 2011,
    month = sep,
   volume = 107,
   number = 12,
      eid = {127205},
    pages = {127205},
      doi = {10.1103/PhysRevLett.107.127205},
   adsurl = {http://adsabs.harvard.edu/abs/2011PhRvL.107l7205B},
  adsnote = {Provided by the SAO/NASA Astrophysics Data System}
}


@ARTICLE{xu,
   author = {{Xu}, G. and {Weng}, H. and {Wang}, Z. and {Dai}, X. and {Fang}, Z.
	},
    title = "{Chern Semimetal and the Quantized Anomalous Hall Effect in HgCr$_{2}$Se$_{4}$}",
  journal = {Physical Review Letters},
archivePrefix = "arXiv",
   eprint = {1106.3125},
 primaryClass = "cond-mat.mes-hall",
     year = 2011,
    month = oct,
   volume = 107,
   number = 18,
      eid = {186806},
    pages = {186806},
      doi = {10.1103/PhysRevLett.107.186806},
   adsurl = {http://adsabs.harvard.edu/abs/2011PhRvL.107r6806X},
  adsnote = {Provided by the SAO/NASA Astrophysics Data System}
}

@article{fang,
  title = {Multi-Weyl Topological Semimetals Stabilized by Point Group Symmetry},
  author = {Fang, Chen and Gilbert, Matthew J. and Dai, Xi and Bernevig, B. Andrei},
  journal = {Phys. Rev. Lett.},
  volume = {108},
  issue = {26},
  pages = {266802},
  numpages = {5},
  year = {2012},
  month = {Jun},
  doi = {10.1103/PhysRevLett.108.266802},
  url = {http://link.aps.org/doi/10.1103/PhysRevLett.108.266802},
  publisher = {American Physical Society}
}

@article{guo,
  author={San-Dong Guo and Bang-Gui Liu},
  title={Density-functional-theory investigation of pressure induced semiconductorâ€“metal transitions in the ferromagnetic semiconductor HgCr 2 Se 4},
  journal={Journal of Physics: Condensed Matter},
  volume={24},
  number={4},
  pages={045502},
  url={http://stacks.iop.org/0953-8984/24/i=4/a=045502},
  year={2012}
}

@article{goldstein,
author = {L. Goldstein and P. Gibart and A. Selmi},
collaboration = {},
title = {Transport properties of the ferromagnetic semiconductor HgCr[sub 2]Se[sub 4]},
publisher = {AIP},
year = {1978},
journal = {Journal of Applied Physics},
volume = {49},
number = {3},
pages = {1474-1476},
url = {http://link.aip.org/link/?JAP/49/1474/1},
doi = {10.1063/1.324928}
}

@article{toda,
author = {Minoru Toda},
collaboration = {},
title = {Transport properties of HgCr[sub 2]Se[sub 4] at ferromagnetic resonance},
publisher = {AIP},
year = {1970},
journal = {Applied Physics Letters},
volume = {17},
number = {1},
pages = {1-3},
url = {http://link.aip.org/link/?APL/17/1/1},
doi = {10.1063/1.1653231}
}

@article{selmi,
author = {A. Selmi and A. Mauger and M. H\'{e}ritier},
collaboration = {},
title = {Anomalous transport properties in n-type HgCr[sub 2]Se[sub 4]},
publisher = {AIP},
year = {1985},
journal = {Journal of Applied Physics},
volume = {57},
number = {8},
pages = {3216-3218},
url = {http://link.aip.org/link/?JAP/57/3216/1},
doi = {10.1063/1.335155}
}

@article{baltzer,
  title = {Exchange Interactions in Ferromagnetic Chromium Chalcogenide Spinels},
  author = {Baltzer, P. K. and Wojtowicz, P. J. and Robbins, M. and Lopatin, E.},
  journal = {Phys. Rev.},
  volume = {151},
  issue = {2},
  pages = {367--377},
  year = {1966},
  month = {Nov},
  doi = {10.1103/PhysRev.151.367},
  url = {http://link.aps.org/doi/10.1103/PhysRev.151.367},
  publisher = {American Physical Society}
}

@article{solin1,
year={1997},
issn={1063-7834},
journal={Physics of the Solid State},
volume={39},
number={5},
doi={10.1134/1.1129962},
title={Magnetoresistance and Hall effect of the magnetic semiconductor HgCr2Se4 in strong magnetic fields},
url={http://dx.doi.org/10.1134/1.1129962},
publisher={Nauka/Interperiodica},
author={Solin, N.I. and Chebotaev, N.M.},
pages={754-758},
language={English}
}

@article{solin2,
year={2008},
issn={1063-7834},
journal={Physics of the Solid State},
volume={50},
number={5},
doi={10.1134/S1063783408050168},
title={Colossal magnetoresistance of the inhomogeneous ferromagnetic semiconductor HgCr2Se4},
url={http://dx.doi.org/10.1134/S1063783408050168},
publisher={SP MAIK Nauka/Interperiodica},
keywords={75.50.Pp; 75.47.-m; 72.25.Mk; 72.25.Dc},
author={Solin, N.I. and Ustinov, V.V. and Naumov, S.V.},
pages={901-908},
language={English}
}
